@article{spp,
  title     = {Spatial pyramid pooling in deep convolutional networks for visual recognition},
  author    = {He, Kaiming and Zhang, Xiangyu and Ren, Shaoqing and Sun, Jian},
  journal   = {IEEE transactions on pattern analysis and machine intelligence},
  volume    = {37},
  number    = {9},
  pages     = {1904--1916},
  year      = {2015},
  publisher = {IEEE}
}

@inproceedings{fastrcnn,
  title     = {Fast r-cnn},
  author    = {Girshick, Ross},
  booktitle = {Proceedings of the IEEE international conference on computer vision},
  pages     = {1440--1448},
  year      = {2015}
}

@article{vgg,
  title   = {Very deep convolutional networks for large-scale image recognition},
  author  = {Simonyan, Karen and Zisserman, Andrew},
  journal = {arXiv preprint arXiv:1409.1556},
  year    = {2014}
}

@article{selectiveSearch,
  title     = {Selective search for object recognition},
  author    = {Uijlings, Jasper RR and Van De Sande, Koen EA and Gevers, Theo and Smeulders, Arnold WM},
  journal   = {International journal of computer vision},
  volume    = {104},
  number    = {2},
  pages     = {154--171},
  year      = {2013},
  publisher = {Springer}
}

@inproceedings{rcnn,
  title     = {Rich feature hierarchies for accurate object detection and semantic segmentation},
  author    = {Girshick, Ross and Donahue, Jeff and Darrell, Trevor and Malik, Jitendra},
  booktitle = {Proceedings of the IEEE conference on computer vision and pattern recognition},
  pages     = {580--587},
  year      = {2014}
}

@inproceedings{3dCase,
  title     = {Deep sliding shapes for amodal 3d object detection in rgb-d images},
  author    = {Song, Shuran and Xiao, Jianxiong},
  booktitle = {Proceedings of the IEEE conference on computer vision and pattern recognition},
  pages     = {808--816},
  year      = {2016}
}

@article{partCase,
  title   = {DeePM: A deep part-based model for object detection and semantic part localization},
  author  = {Zhu, Jun and Chen, Xianjie and Yuille, Alan L},
  journal = {arXiv preprint arXiv:1511.07131},
  year    = {2015}
}

@inproceedings{segCase,
  title     = {Instance-aware semantic segmentation via multi-task network cascades},
  author    = {Dai, Jifeng and He, Kaiming and Sun, Jian},
  booktitle = {Proceedings of the IEEE conference on computer vision and pattern recognition},
  pages     = {3150--3158},
  year      = {2016}
}

@inproceedings{resnet,
  title     = {Deep residual learning for image recognition},
  author    = {He, Kaiming and Zhang, Xiangyu and Ren, Shaoqing and Sun, Jian},
  booktitle = {Proceedings of the IEEE conference on computer vision and pattern recognition},
  pages     = {770--778},
  year      = {2016}
}

@inproceedings{fcn,
  title     = {Fully convolutional networks for semantic segmentation},
  author    = {Long, Jonathan and Shelhamer, Evan and Darrell, Trevor},
  booktitle = {Proceedings of the IEEE conference on computer vision and pattern recognition},
  pages     = {3431--3440},
  year      = {2015}
}
@article{overfeat,
  title   = {Overfeat: Integrated recognition, localization and detection using convolutional networks},
  author  = {Sermanet, Pierre and Eigen, David and Zhang, Xiang and Mathieu, Micha{\"e}l and Fergus, Rob and LeCun, Yann},
  journal = {arXiv preprint arXiv:1312.6229},
  year    = {2013}
}
@article{dpm,
  title     = {Object detection with discriminatively trained part-based models},
  author    = {Felzenszwalb, Pedro F and Girshick, Ross B and McAllester, David and Ramanan, Deva},
  journal   = {IEEE transactions on pattern analysis and machine intelligence},
  volume    = {32},
  number    = {9},
  pages     = {1627--1645},
  year      = {2009},
  publisher = {IEEE}
}
@inproceedings{edgeBoxes,
  title        = {Edge boxes: Locating object proposals from edges},
  author       = {Zitnick, C Lawrence and Doll{\'a}r, Piotr},
  booktitle    = {European conference on computer vision},
  pages        = {391--405},
  year         = {2014},
  organization = {Springer}
}
@inproceedings{zf,
  title        = {Visualizing and understanding convolutional networks},
  author       = {Zeiler, Matthew D and Fergus, Rob},
  booktitle    = {European conference on computer vision},
  pages        = {818--833},
  year         = {2014},
  organization = {Springer}
}
@inproceedings{relu,
  title     = {Rectified linear units improve restricted boltzmann machines},
  author    = {Nair, Vinod and Hinton, Geoffrey E},
  booktitle = {Icml},
  year      = {2010}
}
@inproceedings{multiBox1,
  title     = {Scalable object detection using deep neural networks},
  author    = {Erhan, Dumitru and Szegedy, Christian and Toshev, Alexander and Anguelov, Dragomir},
  booktitle = {Proceedings of the IEEE conference on computer vision and pattern recognition},
  pages     = {2147--2154},
  year      = {2014}
}
@article{multiBox2,
  title   = {Scalable, high-quality object detection},
  author  = {Szegedy, Christian and Reed, Scott and Erhan, Dumitru and Anguelov, Dragomir and Ioffe, Sergey},
  journal = {arXiv preprint arXiv:1412.1441},
  year    = {2014}
}
@inproceedings{15,
  title     = {Instance-aware semantic segmentation via multi-task network cascades},
  author    = {Dai, Jifeng and He, Kaiming and Sun, Jian},
  booktitle = {Proceedings of the IEEE conference on computer vision and pattern recognition},
  pages     = {3150--3158},
  year      = {2016}
}

@article{alexnet,
  title   = {Imagenet classification with deep convolutional neural networks},
  author  = {Krizhevsky, Alex and Sutskever, Ilya and Hinton, Geoffrey E},
  journal = {Advances in neural information processing systems},
  volume  = {25},
  pages   = {1097--1105},
  year    = {2012}
}