@article{selective,
  title     = {Selective search for object recognition},
  author    = {Uijlings, Jasper RR and Van De Sande, Koen EA and Gevers, Theo and Smeulders, Arnold WM},
  journal   = {International journal of computer vision},
  volume    = {104},
  number    = {2},
  pages     = {154--171},
  year      = {2013},
  publisher = {Springer}
}

@article{faster,
  title   = {Faster r-cnn: Towards real-time object detection with region proposal networks},
  author  = {Ren, Shaoqing and He, Kaiming and Girshick, Ross and Sun, Jian},
  journal = {Advances in neural information processing systems},
  volume  = {28},
  pages   = {91--99},
  year    = {2015}
}

@inproceedings{resnet,
  title     = {Deep residual learning for image recognition},
  author    = {He, Kaiming and Zhang, Xiangyu and Ren, Shaoqing and Sun, Jian},
  booktitle = {Proceedings of the IEEE conference on computer vision and pattern recognition},
  pages     = {770--778},
  year      = {2016}
}

@article{overfeat,
  title   = {Overfeat: Integrated recognition, localization and detection using convolutional networks},
  author  = {Sermanet, Pierre and Eigen, David and Zhang, Xiang and Mathieu, Micha{\"e}l and Fergus, Rob and LeCun, Yann},
  journal = {arXiv preprint arXiv:1312.6229},
  year    = {2013}
}

@inproceedings{yolo,
  title     = {You only look once: Unified, real-time object detection},
  author    = {Redmon, Joseph and Divvala, Santosh and Girshick, Ross and Farhadi, Ali},
  booktitle = {Proceedings of the IEEE conference on computer vision and pattern recognition},
  pages     = {779--788},
  year      = {2016}
}

@inproceedings{fast,
  title     = {Fast r-cnn},
  author    = {Girshick, Ross},
  booktitle = {Proceedings of the IEEE international conference on computer vision},
  pages     = {1440--1448},
  year      = {2015}
}

@inproceedings{rcnn,
  title     = {Rich feature hierarchies for accurate object detection and semantic segmentation},
  author    = {Girshick, Ross and Donahue, Jeff and Darrell, Trevor and Malik, Jitendra},
  booktitle = {Proceedings of the IEEE conference on computer vision and pattern recognition},
  pages     = {580--587},
  year      = {2014}
}

@inproceedings{multibox1,
  title     = {Scalable object detection using deep neural networks},
  author    = {Erhan, Dumitru and Szegedy, Christian and Toshev, Alexander and Anguelov, Dragomir},
  booktitle = {Proceedings of the IEEE conference on computer vision and pattern recognition},
  pages     = {2147--2154},
  year      = {2014}
}

@article{multibox2,
  title   = {Scalable, high-quality object detection},
  author  = {Szegedy, Christian and Reed, Scott and Erhan, Dumitru and Anguelov, Dragomir and Ioffe, Sergey},
  journal = {arXiv preprint arXiv:1412.1441},
  year    = {2014}
}

@article{spp,
  title     = {Spatial pyramid pooling in deep convolutional networks for visual recognition},
  author    = {He, Kaiming and Zhang, Xiangyu and Ren, Shaoqing and Sun, Jian},
  journal   = {IEEE transactions on pattern analysis and machine intelligence},
  volume    = {37},
  number    = {9},
  pages     = {1904--1916},
  year      = {2015},
  publisher = {IEEE}
}

@inproceedings{fcn,
  title     = {Fully convolutional networks for semantic segmentation},
  author    = {Long, Jonathan and Shelhamer, Evan and Darrell, Trevor},
  booktitle = {Proceedings of the IEEE conference on computer vision and pattern recognition},
  pages     = {3431--3440},
  year      = {2015}
}

@article{parsenet,
  title   = {Parsenet: Looking wider to see better},
  author  = {Liu, Wei and Rabinovich, Andrew and Berg, Alexander C},
  journal = {arXiv preprint arXiv:1506.04579},
  year    = {2015}
}