@article{pyramid,
  title   = {Pyramid methods in image processing},
  author  = {Adelson, Edward H and Anderson, Charles H and Bergen, James R and Burt, Peter J and Ogden, Joan M},
  journal = {RCA engineer},
  volume  = {29},
  number  = {6},
  pages   = {33--41},
  year    = {1984}
}

@inproceedings{resnet,
  title     = {Deep residual learning for image recognition},
  author    = {He, Kaiming and Zhang, Xiangyu and Ren, Shaoqing and Sun, Jian},
  booktitle = {Proceedings of the IEEE conference on computer vision and pattern recognition},
  pages     = {770--778},
  year      = {2016}
}

@article{rpn,
  title   = {Faster r-cnn: Towards real-time object detection with region proposal networks},
  author  = {Ren, Shaoqing and He, Kaiming and Girshick, Ross and Sun, Jian},
  journal = {Advances in neural information processing systems},
  volume  = {28},
  pages   = {91--99},
  year    = {2015}
}

@inproceedings{fastrcnn,
  title     = {Fast r-cnn},
  author    = {Girshick, Ross},
  booktitle = {Proceedings of the IEEE international conference on computer vision},
  pages     = {1440--1448},
  year      = {2015}
}

@article{spp,
  title     = {Spatial pyramid pooling in deep convolutional networks for visual recognition},
  author    = {He, Kaiming and Zhang, Xiangyu and Ren, Shaoqing and Sun, Jian},
  journal   = {IEEE transactions on pattern analysis and machine intelligence},
  volume    = {37},
  number    = {9},
  pages     = {1904--1916},
  year      = {2015},
  publisher = {IEEE}
}

@inproceedings{rcnnohem,
  title     = {Training region-based object detectors with online hard example mining},
  author    = {Shrivastava, Abhinav and Gupta, Abhinav and Girshick, Ross},
  booktitle = {Proceedings of the IEEE conference on computer vision and pattern recognition},
  pages     = {761--769},
  year      = {2016}
}

@article{segmentproposal,
  title   = {Learning to segment object candidates},
  author  = {Pinheiro, Pedro O and Collobert, Ronan and Doll{\'a}r, Piotr},
  journal = {arXiv preprint arXiv:1506.06204},
  year    = {2015}
}

@inproceedings{refinesegment,
  title        = {Learning to refine object segments},
  author       = {Pinheiro, Pedro O and Lin, Tsung-Yi and Collobert, Ronan and Doll{\'a}r, Piotr},
  booktitle    = {European conference on computer vision},
  pages        = {75--91},
  year         = {2016},
  organization = {Springer}
}

@article{alexnet,
  title   = {Imagenet classification with deep convolutional neural networks},
  author  = {Krizhevsky, Alex and Sutskever, Ilya and Hinton, Geoffrey E},
  journal = {Advances in neural information processing systems},
  volume  = {25},
  pages   = {1097--1105},
  year    = {2012}
}

@article{vgg,
  title   = {Very deep convolutional networks for large-scale image recognition},
  author  = {Simonyan, Karen and Zisserman, Andrew},
  journal = {arXiv preprint arXiv:1409.1556},
  year    = {2014}
}