@inproceedings{fpn,
  title     = {Feature pyramid networks for object detection},
  author    = {Lin, Tsung-Yi and Doll{\'a}r, Piotr and Girshick, Ross and He, Kaiming and Hariharan, Bharath and Belongie, Serge},
  booktitle = {Proceedings of the IEEE conference on computer vision and pattern recognition},
  pages     = {2117--2125},
  year      = {2017}
}
@article{faster_r_cnn,
  title   = {Faster r-cnn: Towards real-time object detection with region proposal networks},
  author  = {Ren, Shaoqing and He, Kaiming and Girshick, Ross and Sun, Jian},
  journal = {Advances in neural information processing systems},
  volume  = {28},
  pages   = {91--99},
  year    = {2015}
}
@inproceedings{resnet,
  title     = {Deep residual learning for image recognition},
  author    = {He, Kaiming and Zhang, Xiangyu and Ren, Shaoqing and Sun, Jian},
  booktitle = {Proceedings of the IEEE conference on computer vision and pattern recognition},
  pages     = {770--778},
  year      = {2016}
}
@inproceedings{mask_r_cnn,
  title     = {Mask r-cnn},
  author    = {He, Kaiming and Gkioxari, Georgia and Doll{\'a}r, Piotr and Girshick, Ross},
  booktitle = {Proceedings of the IEEE international conference on computer vision},
  pages     = {2961--2969},
  year      = {2017}
}
@inproceedings{r_cnn,
  title     = {Rich feature hierarchies for accurate object detection and semantic segmentation},
  author    = {Girshick, Ross and Donahue, Jeff and Darrell, Trevor and Malik, Jitendra},
  booktitle = {Proceedings of the IEEE conference on computer vision and pattern recognition},
  pages     = {580--587},
  year      = {2014}
}
@inproceedings{yolo,
  title     = {You only look once: Unified, real-time object detection},
  author    = {Redmon, Joseph and Divvala, Santosh and Girshick, Ross and Farhadi, Ali},
  booktitle = {Proceedings of the IEEE conference on computer vision and pattern recognition},
  pages     = {779--788},
  year      = {2016}
}
@inproceedings{yolov2,
  title     = {YOLO9000: better, faster, stronger},
  author    = {Redmon, Joseph and Farhadi, Ali},
  booktitle = {Proceedings of the IEEE conference on computer vision and pattern recognition},
  pages     = {7263--7271},
  year      = {2017}
}
@inproceedings{ssd,
  title        = {Ssd: Single shot multibox detector},
  author       = {Liu, Wei and Anguelov, Dragomir and Erhan, Dumitru and Szegedy, Christian and Reed, Scott and Fu, Cheng-Yang and Berg, Alexander C},
  booktitle    = {European conference on computer vision},
  pages        = {21--37},
  year         = {2016},
  organization = {Springer}
}
@inproceedings{coco,
  title        = {Microsoft coco: Common objects in context},
  author       = {Lin, Tsung-Yi and Maire, Michael and Belongie, Serge and Hays, James and Perona, Pietro and Ramanan, Deva and Doll{\'a}r, Piotr and Zitnick, C Lawrence},
  booktitle    = {European conference on computer vision},
  pages        = {740--755},
  year         = {2014},
  organization = {Springer}
}