@article{sift,
  title     = {Distinctive image features from scale-invariant keypoints},
  author    = {Lowe, David G},
  journal   = {International journal of computer vision},
  volume    = {60},
  number    = {2},
  pages     = {91--110},
  year      = {2004},
  publisher = {Springer}
}

@inproceedings{hog,
  title        = {Histograms of oriented gradients for human detection},
  author       = {Dalal, Navneet and Triggs, Bill},
  booktitle    = {2005 IEEE computer society conference on computer vision and pattern recognition (CVPR'05)},
  volume       = {1},
  pages        = {886--893},
  year         = {2005},
  organization = {Ieee}
}

@article{alexnet,
  title   = {Imagenet classification with deep convolutional neural networks},
  author  = {Krizhevsky, Alex and Sutskever, Ilya and Hinton, Geoffrey E},
  journal = {Advances in neural information processing systems},
  volume  = {25},
  pages   = {1097--1105},
  year    = {2012}
}

@inproceedings{imagenet,
  title        = {Imagenet: A large-scale hierarchical image database},
  author       = {Deng, Jia and Dong, Wei and Socher, Richard and Li, Li-Jia and Li, Kai and Fei-Fei, Li},
  booktitle    = {2009 IEEE conference on computer vision and pattern recognition},
  pages        = {248--255},
  year         = {2009},
  organization = {Ieee}
}

@article{overfeat,
  title   = {Overfeat: Integrated recognition, localization and detection using convolutional networks},
  author  = {Sermanet, Pierre and Eigen, David and Zhang, Xiang and Mathieu, Micha{\"e}l and Fergus, Rob and LeCun, Yann},
  journal = {arXiv preprint arXiv:1312.6229},
  year    = {2013}
}

@inproceedings{caffe,
  title     = {Caffe: Convolutional architecture for fast feature embedding},
  author    = {Jia, Yangqing and Shelhamer, Evan and Donahue, Jeff and Karayev, Sergey and Long, Jonathan and Girshick, Ross and Guadarrama, Sergio and Darrell, Trevor},
  booktitle = {Proceedings of the 22nd ACM international conference on Multimedia},
  pages     = {675--678},
  year      = {2014}
}

@inproceedings{adaptive,
  title        = {Adaptive deconvolutional networks for mid and high level feature learning},
  author       = {Zeiler, Matthew D and Taylor, Graham W and Fergus, Rob},
  booktitle    = {2011 International Conference on Computer Vision},
  pages        = {2018--2025},
  year         = {2011},
  organization = {IEEE}
}

@article{dpm,
  title     = {Object detection with discriminatively trained part-based models},
  author    = {Felzenszwalb, Pedro F and Girshick, Ross B and McAllester, David and Ramanan, Deva},
  journal   = {IEEE transactions on pattern analysis and machine intelligence},
  volume    = {32},
  number    = {9},
  pages     = {1627--1645},
  year      = {2009},
  publisher = {IEEE}
}

@article{vgg,
  title   = {Very deep convolutional networks for large-scale image recognition},
  author  = {Simonyan, Karen and Zisserman, Andrew},
  journal = {arXiv preprint arXiv:1409.1556},
  year    = {2014}
}

@inproceedings{diagnosing,
  title        = {Diagnosing error in object detectors},
  author       = {Hoiem, Derek and Chodpathumwan, Yodsawalai and Dai, Qieyun},
  booktitle    = {European conference on computer vision},
  pages        = {340--353},
  year         = {2012},
  organization = {Springer}
}

@article{classic_move,
  title     = {Gradient-based learning applied to document recognition},
  author    = {LeCun, Yann and Bottou, L{\'e}on and Bengio, Yoshua and Haffner, Patrick},
  journal   = {Proceedings of the IEEE},
  volume    = {86},
  number    = {11},
  pages     = {2278--2324},
  year      = {1998},
  publisher = {Ieee}
}