@article{yolov3,
  title   = {Yolov3: An incremental improvement},
  author  = {Redmon, Joseph and Farhadi, Ali},
  journal = {arXiv preprint arXiv:1804.02767},
  year    = {2018}
}

@inproceedings{ssd,
  title        = {Ssd: Single shot multibox detector},
  author       = {Liu, Wei and Anguelov, Dragomir and Erhan, Dumitru and Szegedy, Christian and Reed, Scott and Fu, Cheng-Yang and Berg, Alexander C},
  booktitle    = {European conference on computer vision},
  pages        = {21--37},
  year         = {2016},
  organization = {Springer}
}

@article{fasterrcnn,
  title   = {Faster r-cnn: Towards real-time object detection with region proposal networks},
  author  = {Ren, Shaoqing and He, Kaiming and Girshick, Ross and Sun, Jian},
  journal = {Advances in neural information processing systems},
  volume  = {28},
  pages   = {91--99},
  year    = {2015}
}

@inproceedings{retinanet,
  title     = {Focal loss for dense object detection},
  author    = {Lin, Tsung-Yi and Goyal, Priya and Girshick, Ross and He, Kaiming and Doll{\'a}r, Piotr},
  booktitle = {Proceedings of the IEEE international conference on computer vision},
  pages     = {2980--2988},
  year      = {2017}
}

@inproceedings{fpn,
  title     = {Feature pyramid networks for object detection},
  author    = {Lin, Tsung-Yi and Doll{\'a}r, Piotr and Girshick, Ross and He, Kaiming and Hariharan, Bharath and Belongie, Serge},
  booktitle = {Proceedings of the IEEE conference on computer vision and pattern recognition},
  pages     = {2117--2125},
  year      = {2017}
}

@inproceedings{fcn,
  title     = {Fully convolutional networks for semantic segmentation},
  author    = {Long, Jonathan and Shelhamer, Evan and Darrell, Trevor},
  booktitle = {Proceedings of the IEEE conference on computer vision and pattern recognition},
  pages     = {3431--3440},
  year      = {2015}
}

@article{densebox,
  title   = {Densebox: Unifying landmark localization with end to end object detection},
  author  = {Huang, Lichao and Yang, Yi and Deng, Yafeng and Yu, Yinan},
  journal = {arXiv preprint arXiv:1509.04874},
  year    = {2015}
}

@inproceedings{unitbox,
  title     = {Unitbox: An advanced object detection network},
  author    = {Yu, Jiahui and Jiang, Yuning and Wang, Zhangyang and Cao, Zhimin and Huang, Thomas},
  booktitle = {Proceedings of the 24th ACM international conference on Multimedia},
  pages     = {516--520},
  year      = {2016}
}