@article{associative,
  title   = {Associative embedding: End-to-end learning for joint detection and grouping},
  author  = {Newell, Alejandro and Huang, Zhiao and Deng, Jia},
  journal = {arXiv preprint arXiv:1611.05424},
  year    = {2016}
}