@article{dpm,
  title     = {Object detection with discriminatively trained part-based models},
  author    = {Felzenszwalb, Pedro F and Girshick, Ross B and McAllester, David and Ramanan, Deva},
  journal   = {IEEE transactions on pattern analysis and machine intelligence},
  volume    = {32},
  number    = {9},
  pages     = {1627--1645},
  year      = {2009},
  publisher = {IEEE}
}

@inproceedings{rcnn,
  title     = {Rich feature hierarchies for accurate object detection and semantic segmentation},
  author    = {Girshick, Ross and Donahue, Jeff and Darrell, Trevor and Malik, Jitendra},
  booktitle = {Proceedings of the IEEE conference on computer vision and pattern recognition},
  pages     = {580--587},
  year      = {2014}
}

@inproceedings{fastrcnn,
  title     = {Fast r-cnn},
  author    = {Girshick, Ross},
  booktitle = {Proceedings of the IEEE international conference on computer vision},
  pages     = {1440--1448},
  year      = {2015}
}

@article{pascal,
  title     = {The pascal visual object classes challenge: A retrospective},
  author    = {Everingham, Mark and Eslami, SM Ali and Van Gool, Luc and Williams, Christopher KI and Winn, John and Zisserman, Andrew},
  journal   = {International journal of computer vision},
  volume    = {111},
  number    = {1},
  pages     = {98--136},
  year      = {2015},
  publisher = {Springer}
}

@inproceedings{googlenet,
  title     = {Going deeper with convolutions},
  author    = {Szegedy, Christian and Liu, Wei and Jia, Yangqing and Sermanet, Pierre and Reed, Scott and Anguelov, Dragomir and Erhan, Dumitru and Vanhoucke, Vincent and Rabinovich, Andrew},
  booktitle = {Proceedings of the IEEE conference on computer vision and pattern recognition},
  pages     = {1--9},
  year      = {2015}
}

@article{nin,
  title   = {Network in network},
  author  = {Lin, Min and Chen, Qiang and Yan, Shuicheng},
  journal = {arXiv preprint arXiv:1312.4400},
  year    = {2013}
}