@inproceedings{momentum,
  title        = {On the importance of initialization and momentum in deep learning},
  author       = {Sutskever, Ilya and Martens, James and Dahl, George and Hinton, Geoffrey},
  booktitle    = {International conference on machine learning},
  pages        = {1139--1147},
  year         = {2013},
  organization = {PMLR}
}

@article{adagrad,
  title   = {Adaptive subgradient methods for online learning and stochastic optimization.},
  author  = {Duchi, John and Hazan, Elad and Singer, Yoram},
  journal = {Journal of machine learning research},
  volume  = {12},
  number  = {7},
  year    = {2011}
}

@inproceedings{relu,
  title     = {Rectified linear units improve restricted boltzmann machines},
  author    = {Nair, Vinod and Hinton, Geoffrey E},
  booktitle = {Icml},
  year      = {2010}
}

@article{dropout,
  title     = {Dropout: a simple way to prevent neural networks from overfitting},
  author    = {Srivastava, Nitish and Hinton, Geoffrey and Krizhevsky, Alex and Sutskever, Ilya and Salakhutdinov, Ruslan},
  journal   = {The journal of machine learning research},
  volume    = {15},
  number    = {1},
  pages     = {1929--1958},
  year      = {2014},
  publisher = {JMLR. org}
}

@article{covariateshift,
  title     = {Improving predictive inference under covariate shift by weighting the log-likelihood function},
  author    = {Shimodaira, Hidetoshi},
  journal   = {Journal of statistical planning and inference},
  volume    = {90},
  number    = {2},
  pages     = {227--244},
  year      = {2000},
  publisher = {Elsevier}
}

@incollection{backprop,
  title     = {Efficient backprop},
  author    = {LeCun, Yann A and Bottou, L{\'e}on and Orr, Genevieve B and M{\"u}ller, Klaus-Robert},
  booktitle = {Neural networks: Tricks of the trade},
  pages     = {9--48},
  year      = {2012},
  publisher = {Springer}
}