@inproceedings{rcnn,
  title     = {Rich feature hierarchies for accurate object detection and semantic segmentation},
  author    = {Girshick, Ross and Donahue, Jeff and Darrell, Trevor and Malik, Jitendra},
  booktitle = {Proceedings of the IEEE conference on computer vision and pattern recognition},
  pages     = {580--587},
  year      = {2014}
}
@article{spp,
  title     = {Spatial pyramid pooling in deep convolutional networks for visual recognition},
  author    = {He, Kaiming and Zhang, Xiangyu and Ren, Shaoqing and Sun, Jian},
  journal   = {IEEE transactions on pattern analysis and machine intelligence},
  volume    = {37},
  number    = {9},
  pages     = {1904--1916},
  year      = {2015},
  publisher = {IEEE}
}

@article{vgg,
  title   = {Very deep convolutional networks for large-scale image recognition},
  author  = {Simonyan, Karen and Zisserman, Andrew},
  journal = {arXiv preprint arXiv:1409.1556},
  year    = {2014}
}

@inproceedings{sp,
  title        = {Beyond bags of features: Spatial pyramid matching for recognizing natural scene categories},
  author       = {Lazebnik, Svetlana and Schmid, Cordelia and Ponce, Jean},
  booktitle    = {2006 IEEE Computer Society Conference on Computer Vision and Pattern Recognition (CVPR'06)},
  volume       = {2},
  pages        = {2169--2178},
  year         = {2006},
  organization = {IEEE}
}