@inproceedings{rcnn,
  title     = {Rich feature hierarchies for accurate object detection and semantic segmentation},
  author    = {Girshick, Ross and Donahue, Jeff and Darrell, Trevor and Malik, Jitendra},
  booktitle = {Proceedings of the IEEE conference on computer vision and pattern recognition},
  pages     = {580--587},
  year      = {2014}
}

@inproceedings{bow,
  title        = {Video Google: A text retrieval approach to object matching in videos},
  author       = {Sivic, Josef and Zisserman, Andrew},
  booktitle    = {Computer Vision, IEEE International Conference on},
  volume       = {3},
  pages        = {1470--1470},
  year         = {2003},
  organization = {IEEE Computer Society}
}

@inproceedings{sp1,
  title        = {The pyramid match kernel: Discriminative classification with sets of image features},
  author       = {Grauman, Kristen and Darrell, Trevor},
  booktitle    = {Tenth IEEE International Conference on Computer Vision (ICCV'05) Volume 1},
  volume       = {2},
  pages        = {1458--1465},
  year         = {2005},
  organization = {IEEE}
}

@inproceedings{sp2,
  title        = {Beyond bags of features: Spatial pyramid matching for recognizing natural scene categories},
  author       = {Lazebnik, Svetlana and Schmid, Cordelia and Ponce, Jean},
  booktitle    = {2006 IEEE Computer Society Conference on Computer Vision and Pattern Recognition (CVPR'06)},
  volume       = {2},
  pages        = {2169--2178},
  year         = {2006},
  organization = {IEEE}
}

@article{alexnet,
  title   = {Imagenet classification with deep convolutional neural networks},
  author  = {Krizhevsky, Alex and Sutskever, Ilya and Hinton, Geoffrey E},
  journal = {Advances in neural information processing systems},
  volume  = {25},
  pages   = {1097--1105},
  year    = {2012}
}

@inproceedings{zfnet,
  title        = {Visualizing and understanding convolutional networks},
  author       = {Zeiler, Matthew D and Fergus, Rob},
  booktitle    = {European conference on computer vision},
  pages        = {818--833},
  year         = {2014},
  organization = {Springer}
}